/Users/chl/Documents/Drafts/references.bib