/Users/chl/org/references.bib