@article{Narrow2009,
	Author = {Narrow, W.E. and Kuhl, E.A. and Regier, D.A.},
	Journal = {World Psychiatry},
	Month = {Jun},
	Number = {2},
	Pages = {88-89},
	Title = {{DSM-V} perspectives on disentangling disability from
                  clinical significance},
	Volume = {8},
	Year = {2009}}

@article{Alarcon2009,
	Author = {Alarc\'on, R.D.},
	Journal = {World Psychiatry},
	Month = {Oct},
	Number = {3},
	Pages = {131-139},
	Title = {Culture, cultural factors and psychiatric diagnosis:
                  review and projections},
	Volume = {8},
	Year = {2009}}

@article{Peat2009,
	Author = {Peat, C. and Mitchell, J.E. and Hoek, H.W. and
                  Wonderlich, S.A.},
	Journal = {International Journal of Eating Disorders},
	Month = {Nov},
	Number = {7},
	Pages = {590-594},
	Title = {Validity and utility of subtyping anorexia nervosa},
	Volume = {42},
	Year = {2009}}

@article{Wonderlich2009,
	Author = {Wonderlich, S.A. and Gordon, K.H. and Mitchell,
                  J.E. and Crosby, R.D. and Engel, S.G.},
	Journal = {International Journal of Eating Disorders},
	Month = {Dec},
	Number = {8},
	Pages = {687-705},
	Title = {The validity and clinical utility of binge eating
                  disorder},
	Volume = {42},
	Year = {2009}}

@article{Wolfe2009,
	Author = {Wolfe, B.E. and Baker, C.W. and Smith, A.T. and
                  Kelly-Weeder, S.},
	Journal = {International Journal of Eating Disorders},
	Month = {Dec},
	Number = {8},
	Pages = {674-686},
	Title = {Validity and utility of the current definition of
                  binge eating},
	Volume = {42},
	Year = {2009}}

@article{Wilson2009,
	Author = {Wilson, G.T. and Sysko, R.},
	Journal = {International Journal of Eating Disorders},
	Month = {Nov},
	Number = {7},
	Pages = {603-610},
	Title = {Frequency of binge eating episodes in bulimia nervosa
                  and binge eating disorder: Diagnostic
                  considerations},
	Volume = {42},
	Year = {2009}}

@article{Shear2007,
	Author = {Shear, M.K. and Bjelland, I. and Beesdo, K. and
                  Gloster, A.T. and Wittchen, H.-U.},
	Journal = {International Journal of Methods in Psychiatric
                  Research},
	Number = {S1},
	Pages = {S52-S64},
	Title = {Supplementary dimensional assessment in anxiety
                  disorders},
	Volume = {16},
	Year = {2007}}

@article{Widiger2005,
	Author = {Widiger, T.A. and Samuel, D.B.},
	Journal = {Journal of Abnormal Psychology},
	Number = {4},
	Pages = {494-504},
	Title = {Diagnostic Categories or Dimensions? A Question for
                  the Diagnostic and Statistical Manual of Mental
                  Disorders---Fifth Edition},
	Volume = {114},
	Year = {2005}}

@article{Keel2009,
	Author = {Keel, P.K. and Striegel-Moore, R.H.H},
	Journal = {International Journal of Eating Disorders},
	Month = {Dec},
	Number = {8},
	Pages = {706-719},
	Title = {The validity and clinical utility of purging
                  disorder},
	Volume = {42},
	Year = {2009}}

@article{Walsh2009,
	Author = {Walsh, B.T. and Sysko, R.},
	Journal = {International Journal of Eating Disorders},
	Month = {Dec},
	Number = {8},
	Pages = {754-764},
	Title = {Broad categories for the diagnosis of eating
                  disorders ({BCD-ED}): an alternative system for
                  classification},
	Volume = {42},
	Year = {2009}}

@article{Reed2011,
	Author = {Reed, G.M. and Correia, J.M. and Esparza, P. and
                  Saxena, S. and Maj, M.},
	Journal = {World Psychiatry},
	Month = {Jun},
	Number = {2},
	Pages = {118-131},
	Title = {The WPA-WHO Global Survey of Psychiatrists' Attitudes
                  Towards Mental Disorders Classification},
	Volume = {10},
	Year = {2011}}

@article{Striegel2009,
	Author = {Striegel-Moore, R.H. and Franko, D.L. and Garcia,
                  J.},
	Journal = {International Journal of Eating Disorders},
	Month = {Dec},
	Number = {8},
	Pages = {720-738},
	Title = {The validity and clinical utility of night eating
                  syndrome},
	Volume = {42},
	Year = {2009}}

@article{Regier2007,
	Author = {Regier, D.A.A},
	Journal = {International Journal of Methods in Psychiatric
                  Research},
	Number = {S1},
	Pages = {S1-S5},
	Title = {Dimensional approaches to psychiatric classification:
                  refining the research agenda for {DSM-V}: an
                  introduction},
	Volume = {16},
	Year = {2007}}

@article{Regier2009,
	Author = {Regier, D.A. and Narrow, W.E. and Kuhl, E.A. and
                  Kupfer, D.J.},
	Journal = {American Journal of Psychiatry},
	Month = {Jun},
	Number = {6},
	Pages = {645-650},
	Title = {The conceptual development of {DSM-V}},
	Volume = {166},
	Year = {2009}}

@article{Andrews2009b,
	Author = {Andrews, G. and Pine, D.S. and Hobbs, M.J. and
                  Anderson, T.M. and Sunderland, M.},
	Journal = {Psychological Medicine},
	Month = {Dec},
	Number = {12},
	Pages = {2013-2023},
	Title = {Neurodevelopmental disorders: cluster 2 of the
                  proposed meta-structure for {DSM-V} and {ICD-11}},
	Volume = {39},
	Year = {2009}}

@article{Andrews2009a,
	Author = {Andrews, G. and Goldberg, D.P. and Krueger, R.F. and
                  Carpenter, W.T. and Hyman, S.E. and Sachdev, P. and
                  Pine, D.S.},
	Journal = {Psychological Medicine},
	Month = {Dec},
	Number = {12},
	Pages = {1993-2000},
	Title = {Exploring the feasibility of a meta-structure for
                  {DSM-V} and {ICD-11}: could it improve utility and
                  validity?},
	Volume = {39},
	Year = {2009}}

@article{Moffitt2007,
	Author = {Moffitt, T.E. and Caspi, A. and Harrington, H. and
                  Milne, B.J. and Melchior, M. and Goldberg, D. and
                  Poulton, R.},
	Journal = {Psychological Medicine},
	Month = {Mar},
	Number = {3},
	Pages = {441-452},
	Title = {Generalized anxiety disorder and depression:
                  childhood risk factors in a birth cohort followed to
                  age 32},
	Volume = {37},
	Year = {2007}}

@article{Kraemer2010,
	Author = {Kraemer, H.C. and Kupfer, D.J. J and Narrow,
                  W.E. and Clarke, D.E. and Regier, D.A.A},
	Journal = {American Journal of Psychiatry},
	Month = {Oct},
	Number = {10},
	Pages = {1158-1160},
	Title = {Moving toward {DSM-5}: the field trials},
	Volume = {167},
	Year = {2010}}

@article{Kraemer2007b,
	Author = {Kraemer, H.C.},
	Journal = {International Journal of Methods in Psychiatric
                  Research},
	Number = {S1},
	Pages = {S8-S15},
	Title = {{DSM} categories and dimensions in clinical and
                  research contexts},
	Volume = {16},
	Year = {2007}}

@article{Hudziak2009,
	Author = {Hudziak, J.J. and Achenbach, T.M. and Althoff,
                  R.R. and Pine, D.S.},
	Journal = {International Journal of Methods in Psychiatric
                  Research},
	Number = {S1},
	Pages = {S16-S23},
	Title = {A dimensional approach to developmental
                  psychopathology},
	Volume = {16},
	Year = {2007}}

@article{vanHoeken2009,
	Author = {van Hoeken, D. and Veling, W. and Sinke, S. and
                  Mitchell, J.E. and Hoek, H.W.},
	Journal = {International Journal of Eating Disorders},
	Number = {7},
	Pages = {595--602},
	Title = {The validity and utility of subtyping bulimia
                  nervosa},
	Volume = {42},
	Year = {2009}}

@article{Helzer2006,
	Author = {Helzer, J.E. and Van Den Brink, W. and Guth, S.E.},
	Journal = {Addiction},
	Pages = {17--22},
	Title = {Should there be both categorical and dimensional
                  criteria for the substance use disorders in
                  {DSM-V}?},
	Volume = {101},
	Year = {2006}}

@article{Helzer2007,
	Author = {Helzer, J.E. and Bucholz, K.K. and Gossop, M.},
	Journal = {International journal of methods in psychiatric
                  research},
	Number = {S1},
	Pages = {S24--S33},
	Title = {A dimensional option for the diagnosis of substance
                  dependence in {DSM-V}},
	Volume = {16},
	Year = {2007}}

@article{Kupfer2008,
	Author = {Kupfer, D.J. and Regier, D.A. and Kuhl, E.A.},
	Journal = {European archives of psychiatry and clinical
                  neuroscience},
	Pages = {2--6},
	Title = {On the road to {DSM-V} and {ICD-11}},
	Volume = {258},
	Year = {2008}}

@article{Marcus2009,
	Author = {Marcus, M.D. and Wildes, J.E.},
	Journal = {International Journal of Eating Disorders},
	Number = {8},
	Pages = {739--753},
	Title = {Obesity: Is it a mental disorder?},
	Volume = {42},
	Year = {2009}}

@article{Lopez2007,
	Author = {Lopez, M.F. and Compton, W.M. and Grant, B.F. and
                  Breiling, J.P.},
	Journal = {International Journal of Methods in Psychiatric
                  Research},
	Number = {S1},
	Pages = {S6-S7},
	Title = {Dimensional approaches in diagnostic classification:
                  a critical appraisal},
	Volume = {16},
	Year = {2007}}

@article{Kupfer2011,
	Author = {Kupfer, D.J. and Regier, D.A.},
	Journal = {American Journal of Psychiatry},
	Number = {7},
	Pages = {672-674},
	Title = {Neuroscience, Clinical Evidence, and the Future of
                  Psychiatric Classification in {DSM-5}},
	Volume = {168},
	Year = {2011}}

@article{Krueger2007,
	Author = {Krueger, R.F. and Skodol, A.E. and Livesley,
                  W.J. and Shrout, P.E. and Huang, Y.},
	Journal = {International Journal of Methods in Psychiatric
                  Research},
	Number = {S1},
	Pages = {S65--S73},
	Title = {Synthesizing dimensional and categorical approaches
                  to personality disorders: refining the research
                  agenda for {DSM-V} {Axis II}},
	Volume = {16},
	Year = {2007}}

@article{Kraemer2007a,
	Author = {Kraemer, H.C. and Shrout, P.E. and Rubio-Stipec,
                  M.},
	Journal = {Social psychiatry and psychiatric epidemiology},
	Number = {4},
	Pages = {259--267},
	Title = {Developing the diagnostic and statistical manual V:
                  what will statistical mean in {DSM-V}?},
	Volume = {42},
	Year = {2007}}

@article{Brown2005,
	Author = {Brown, T.A. and Barlow, D.H.},
	Journal = {Journal of Abnormal Psychology},
	Number = {4},
	Pages = {551-556},
	Title = {Dimensional versus categorical classification of
                  mental disorders in the fifth edition of the< xh: i>
                  Diagnostic and statistical manual of mental
                  disorders</xh: i> and beyond: Comment on the special
                  section.},
	Volume = {114},
	Year = {2005}}

@article{Becker2009b,
	Author = {Becker, A.E. and Thomas, J.J. and Pike, K.M.},
	Journal = {International Journal of Eating Disorders},
	Number = {7},
	Pages = {620--635},
	Title = {Should non-fat-phobic anorexia nervosa be included in
                  {DSM-V}?},
	Volume = {42},
	Year = {2009}}

@article{Becker2009a,
	Author = {Becker, A.E. and Eddy, K.T. and Perloe, A.},
	Journal = {International Journal of Eating Disorders},
	Number = {7},
	Pages = {611--619},
	Title = {Clarifying criteria for cognitive signs and symptoms
                  for eating disorders in {DSM-V}},
	Volume = {42},
	Year = {2009}}

@article{Attia2009,
	Author = {Attia, E. and Roberto, C.A.},
	Journal = {International Journal of Eating Disorders},
	Number = {7},
	Pages = {581--589},
	Title = {Should amenorrhea be a diagnostic criterion for
                  anorexia nervosa?},
	Volume = {42},
	Year = {2009}}

@article{Andrews2007,
	Author = {Andrews, G. and Brugha, T. and Thase, M.E. and
                  Duffy, F.F. and Rucci, P. and Slade, T.},
	Journal = {International Journal of Methods in Psychiatric
                  Research},
	Number = {S1},
	Pages = {S41-S51},
	Title = {Dimensionality and the category of major depressive
                  episode},
	Volume = {16},
	Year = {2007}}

@article{Allardyce2007,
	Author = {Allardyce, J. and Suppes, T. and van Os, J.},
	Journal = {International journal of methods in psychiatric
                  research},
	Number = {S1},
	Pages = {S34--S40},
	Title = {Dimensions and the psychosis phenotype},
	Volume = {16},
	Year = {2007}}

@article{Krueger2010,
	Author = {Krueger, R.F. and Eaton, N.R.},
	Journal = {Personality Disorders: Theory, Research, and
                  Treatment},
	Number = {2},
	Pages = {97--118},
	Title = {Personality Traits and the Classification of Mental
                  Disorders},
	Volume = {1},
	Year = {2010}}
