@Article{wickham11,
  author =       {Wickham, H},
  title =        {The Split-Apply-Combine Strategy for Data Analysis},
  journal =      {Journal of Statistical Software},
  year =         2011,
  volume =       40,
  number =       1}