@article{arlot2010survey,
	Author = {Arlot, S. and Celisse, A.},
	Journal = {Statistics Surveys},
	Pages = {40--79},
	Title = {A survey of cross-validation procedures for model selection},
	Volume = {4},
	Year = {2010}}

@article{feinerer2008text,
	Author = {Feinerer, I. and Hornik, K. and Meyer, D.},
	Journal = {Journal of Statistical Software},
	Number = {5},
	Pages = {1--54},
	Title = {Text mining infrastructure in R},
	Volume = {25},
	Year = {2008}}

@article{solka2008text,
	Author = {Solka, J.L. and others},
	Journal = {Statistical Surveys},
	Pages = {94--112},
	Title = {Text data mining: theory and methods},
	Volume = {2},
	Year = {2008}}

@article{basker2005twas,
	Author = {Basker, E.},
	Journal = {Economics Letters},
	Number = {3},
	Pages = {317--322},
	Title = {Twas four weeks before Christmas: Retail sales and the length of the Christmas shopping season},
	Volume = {89},
	Year = {2005}}

@article{braun1998seasonal,
	Author = {Braun, R.A. and Evans, C.L.},
	Journal = {Journal of Money, Credit \& Banking},
	Number = {3},
	Title = {Seasonal Solow Residuals and Christmas: A Case for Labor Hoarding and Increasing Returns.},
	Volume = {30},
	Year = {1998}}

@article{su2009survey,
	Author = {Su, X. and Khoshgoftaar, T.M.},
	Journal = {Advances in Artificial Intelligence},
	Pages = {2},
	Title = {A survey of collaborative filtering techniques},
	Volume = {2009},
	Year = {2009}}

@article{mcshane2010statistical,
	Author = {McShane, B.B. and Wyner, A.J.},
	Journal = {Annals of Applied Statistics To appear},
	Title = {A statistical analysis of multiple temperature proxies: Are reconstructions of surface temperatures over the last 1000 years reliable?},
	Year = {2010}}

@article{smithson2006better,
	Author = {Smithson, M. and Verkuilen, J.},
	Journal = {Psychological Methods},
	Number = {1},
	Pages = {54},
	Title = {A better lemon squeezer? Maximum-likelihood regression with beta-distributed dependent variables},
	Volume = {11},
	Year = {2006}}

@article{gigerenzer2004mindless,
	Author = {Gigerenzer, G.},
	Journal = {Journal of Socio-Economics},
	Number = {5},
	Pages = {587--606},
	Title = {Mindless statistics},
	Volume = {33},
	Year = {2004}}

@article{breiman2001statistical,
	Author = {Breiman, L.},
	Journal = {Statistical Science},
	Number = {3},
	Pages = {199--231},
	Title = {Statistical modeling: the two cultures (with comments and a rejoinder by the author)},
	Volume = {16},
	Year = {2001}}
